

@article{Zhihu1,
  title={How is the stochastic algorithm of Wechat Red Envelope accomplished.},
  note={https://www.zhihu.com/question/22625187/answer/85530416},
}

@article{Zhihu2,
  title={Can you decrypt the principle of auxiliary programs for WeChat Red Envelopes?},
  note={https://www.zhihu.com/question/40958035/answer/89734352},
}


